<record><leader>00000cas a2200000 a 4500</leader><controlfield tag="001">9669530</controlfield><controlfield tag="008">830705d18901890tnudr ne      0   a0eng c</controlfield><datafield ind1=" " ind2=" " tag="010"><subfield code="a">sn 83045159 </subfield></datafield><datafield ind1=" " ind2=" " tag="040"><subfield code="a">CRL</subfield><subfield code="b">eng</subfield><subfield code="c">CRL</subfield><subfield code="d">NPW</subfield><subfield code="d">NPV</subfield><subfield code="d">DLC</subfield><subfield code="d">KNP</subfield><subfield code="d">ANU</subfield><subfield code="d">TGN</subfield><subfield code="d">DLC</subfield><subfield code="d">CUI</subfield><subfield code="d">DLC</subfield><subfield code="d">OCLCQ</subfield><subfield code="d">OCLCF</subfield><subfield code="d">DLC</subfield></datafield><datafield ind1="1" ind2=" " tag="022"><subfield code="a">2574-2671</subfield><subfield code="2">1</subfield></datafield><datafield ind1=" " ind2=" " tag="042"><subfield code="a">pcc</subfield><subfield code="a">nsdp</subfield></datafield><datafield ind1=" " ind2=" " tag="043"><subfield code="a">n-us-tn</subfield></datafield><datafield ind1="0" ind2="0" tag="050"><subfield code="a">Newspaper</subfield></datafield><datafield ind1=" " ind2="4" tag="050"><subfield code="a">AN</subfield></datafield><datafield ind1=" " ind2="4" tag="222"><subfield code="a">The appeal-avalanche</subfield></datafield><datafield ind1="0" ind2="4" tag="245"><subfield code="a">The appeal-avalanche.</subfield></datafield><datafield ind1=" " ind2=" " tag="260"><subfield code="a">Memphis, Tenn. :</subfield><subfield code="b">[s.n.],</subfield><subfield code="c">1890.</subfield></datafield><datafield ind1=" " ind2=" " tag="300"><subfield code="a">1 v. :</subfield><subfield code="b">ill. (chiefly advertisements) ;</subfield><subfield code="c">60 cm.</subfield></datafield><datafield ind1=" " ind2=" " tag="310"><subfield code="a">Daily</subfield></datafield><datafield ind1="0" ind2=" " tag="362"><subfield code="a">Vol. 50, no. 285 (Nov. 9, 1890)-v. 50, no. 294 (Nov. 18, 1890).</subfield></datafield><datafield ind1=" " ind2=" " tag="515"><subfield code="a">Continues the numbering of the Memphis appeal.</subfield></datafield><datafield ind1=" " ind2=" " tag="530"><subfield code="a">Also issued on microfilm from Bell &amp; Howell, Micro-Photo Div.</subfield></datafield><datafield ind1=" " ind2=" " tag="580"><subfield code="a">Formed by the union of: Memphis appeal, and: Memphis avalanche (Memphis, Tenn. : Daily : 1885).</subfield></datafield><datafield ind1=" " ind2="0" tag="651"><subfield code="a">Memphis (Tenn.)</subfield><subfield code="v">Newspapers.</subfield></datafield><datafield ind1=" " ind2="0" tag="651"><subfield code="a">Shelby County (Tenn.)</subfield><subfield code="v">Newspapers.</subfield></datafield><datafield ind1=" " ind2="7" tag="651"><subfield code="a">Tennessee</subfield><subfield code="z">Memphis.</subfield><subfield code="2">fast</subfield><subfield code="0">(OCoLC)fst01204194</subfield></datafield><datafield ind1=" " ind2="7" tag="651"><subfield code="a">Tennessee</subfield><subfield code="z">Shelby County.</subfield><subfield code="2">fast</subfield><subfield code="0">(OCoLC)fst01209894</subfield></datafield><datafield ind1=" " ind2="7" tag="655"><subfield code="a">Newspapers.</subfield><subfield code="2">fast</subfield><subfield code="0">(OCoLC)fst01423814</subfield></datafield><datafield ind1=" " ind2=" " tag="752"><subfield code="a">United States</subfield><subfield code="b">Tennessee</subfield><subfield code="c">Shelby</subfield><subfield code="d">Memphis.</subfield></datafield><datafield ind1="0" ind2=" " tag="775"><subfield code="t">Weekly appeal-avalanche</subfield><subfield code="w">(DLC)sn 87065700</subfield><subfield code="w">(OCoLC)16769425</subfield></datafield><datafield ind1="1" ind2="4" tag="780"><subfield code="t">Memphis appeal</subfield><subfield code="x">2372-546X</subfield><subfield code="w">(DLC)sn 84024448</subfield><subfield code="w">(OCoLC)11007652</subfield></datafield><datafield ind1="1" ind2="4" tag="780"><subfield code="t">Memphis avalanche (Memphis, Tenn. : Daily : 1885)</subfield><subfield code="x">2574-2663</subfield><subfield code="w">(DLC)sn 85033686</subfield><subfield code="w">(OCoLC)1757100</subfield></datafield><datafield ind1="0" ind2="0" tag="785"><subfield code="t">Memphis appeal-avalanche</subfield><subfield code="x">2574-268X</subfield><subfield code="w">(DLC)sn 86071412</subfield><subfield code="w">(OCoLC)13516304</subfield></datafield><datafield ind1="1" ind2=" " tag="029"><subfield code="a">AU@</subfield><subfield code="b">000020294716</subfield></datafield></record>